@book{Leveque,
    author    = "Leveque R. J.",
    title     = "Finite Volume Methods for Hyperbolic Problems",
    publisher = "Cambridge University Press",
    year      = "2002",
}

@article{Lin,
  author = "Lin S., Chin T., Wu C., Lin J., Chen Y.",
  year = "2012",
  title = "A Pressure Correction-Volume of Fluid Method for Simulation of Two-Phase Flows",
  journal = "International Journal for Numerical Methods in Fluids",
  volume = "68",
  pages = "181-195"
}

@article{Yang,
  author = "Yang H.",
  year = "1990",
  title = "An Artificial Compression Method for ENO Schemes: The Slope Modification Method",
  journal = "Journal of Computational Physics",
  volume = "89",
  pages = "125-160"
}

@article{Smol84,
  author = "Smolarkiewicz P. K.",
  year = "1984",
  title = "A Fully Multidimensional Positive Definite Advection Transport Algorithm with Small Implicit Diffusion",
  journal = "Journal of Computational Physics",
  pages = "325-362"
}

@article{Smol90,
  author = "Smolarkiewicz P. K. and Wojciech G. W.",
  year = "1990",
  title = "The Multidimensional Positive Definite Advection Transport Algorithm: Nonoscillatory Option",
  journal = "Journal of Computational Physics",
  volume = "86",
  pages = "355-375"
}

@article{Smol06,
  author = "Smolarkiewicz P. K.",
  year = "2006",
  title = "Mulidimensional Positive Definite Advection Transport Algorithm: An Overview",
  journal = "International Journal for Numerical Methods in Fluids",
  volume = "50",
  pages = "1123-1144"
}

@article{Rider,
  author = "Rider W. J.",
  year = "1993",
  title = "A Comparison of TVD Lax-Wendroff Methods",
  journal = "Communications in Numerical Methods in Engineering",
  volume = "9",
  pages = "147-155"
}

@article{Harten,
  author = "Harten A.",
  year = "1983",
  title = "High Resolution Schemes for Hyperbolic Conservation Laws",
  journal = "Journal of Computational Physics",
  volume = "49",
  pages = "357-393"
}

@article{Gittings,
  author = "Gittings M., Weaver R., Clover M., Betlach T., Byrne N., Coker R., Dendy E., Hueckstaedt R., New K., Oakes W. R., Ranta D. and Stefan R.",
  year = "2008",
  title = "The RAGE Radiation-Hydrodynamic Code",
  journal = "Computational Science and Discovery",
  volume = "1"
}

@article{Osher,
  author = "Osher S. and Chakravarthy S.",
  year = "1984",
  title = "High Resolution Schemes and the Entropy Condition",
  journal = "Siam Journal of Numerical Analysis",
  volume = "21"
  pages = "955-984"
}